<record><leader>00000cas a2200000 a 4500</leader><controlfield tag="001">34265004</controlfield><controlfield tag="007">hd afu---bact</controlfield><controlfield tag="007">hd bfu---baat</controlfield><controlfield tag="008">960226d19031916nbuwr nea     0    0cze d</controlfield><datafield ind1=" " ind2=" " tag="010"><subfield code="a">sn 95073831 </subfield></datafield><datafield ind1=" " ind2=" " tag="040"><subfield code="a">NVG</subfield><subfield code="b">eng</subfield><subfield code="c">NVG</subfield><subfield code="d">OCL</subfield><subfield code="d">OCLCQ</subfield><subfield code="d">OCLCF</subfield><subfield code="d">OCLCO</subfield></datafield><datafield ind1="1" ind2=" " tag="029"><subfield code="a">AU@</subfield><subfield code="b">000012446033</subfield></datafield><datafield ind1=" " ind2=" " tag="042"><subfield code="a">msc</subfield></datafield><datafield ind1=" " ind2=" " tag="043"><subfield code="a">n-us-nb</subfield></datafield><datafield ind1="0" ind2="0" tag="245"><subfield code="a">Osve&#780;ta Americka&#769;</subfield><subfield code="h">[microform].</subfield></datafield><datafield ind1=" " ind2=" " tag="260"><subfield code="a">Omaha, Neb. :</subfield><subfield code="b">Jednota C&#780;esko-Americky&#769;ch Listu&#778;,</subfield><subfield code="c">1903-1916.</subfield></datafield><datafield ind1=" " ind2=" " tag="300"><subfield code="a">v. :</subfield><subfield code="b">ill. ;</subfield><subfield code="c">43 cm.</subfield></datafield><datafield ind1=" " ind2=" " tag="310"><subfield code="a">Weekly</subfield></datafield><datafield ind1="0" ind2=" " tag="362"><subfield code="a">Roc&#780;. 11, c&#780;is. 1 (5. srp. 1903)-roc&#780;. 24, c&#780;is. 7 (30 srp. 1916).</subfield></datafield><datafield ind1=" " ind2=" " tag="515"><subfield code="a">Continues numbering of: Osve&#780;ta (Omaha, Neb.).</subfield></datafield><datafield ind1=" " ind2=" " tag="546"><subfield code="a">In Czech.</subfield></datafield><datafield ind1=" " ind2=" " tag="580"><subfield code="a">Formed by the union of: Osve&#780;ta (Omaha, Neb.), and: Kve&#780;ty Americke&#769; (Omaha, Neb. : 1900).</subfield></datafield><datafield ind1=" " ind2=" " tag="533"><subfield code="a">Microfilm.</subfield><subfield code="m">1903-1916:[Lacks July 15,1908]</subfield><subfield code="b">Lincoln, Neb. :</subfield><subfield code="c">Nebraska State Historical Society,</subfield><subfield code="d">1978.</subfield><subfield code="e">12 microfilm reels ; 35 mm.</subfield></datafield><datafield ind1=" " ind2="0" tag="650"><subfield code="a">Czech Americans</subfield><subfield code="v">Newspapers.</subfield></datafield><datafield ind1=" " ind2="0" tag="651"><subfield code="a">Omaha (Neb.)</subfield><subfield code="v">Newspapers.</subfield></datafield><datafield ind1=" " ind2="7" tag="655"><subfield code="a">Newspapers.</subfield><subfield code="2">fast</subfield><subfield code="0">(OCoLC)fst01423814</subfield></datafield><datafield ind1=" " ind2="7" tag="650"><subfield code="a">Czech Americans.</subfield><subfield code="2">fast</subfield><subfield code="0">(OCoLC)fst00886333</subfield></datafield><datafield ind1=" " ind2="7" tag="651"><subfield code="a">Nebraska</subfield><subfield code="z">Omaha.</subfield><subfield code="2">fast</subfield><subfield code="0">(OCoLC)fst01204995</subfield></datafield><datafield ind1=" " ind2=" " tag="752"><subfield code="a">United States</subfield><subfield code="b">Nebraska</subfield><subfield code="c">Douglas</subfield><subfield code="d">Omaha.</subfield></datafield><datafield ind1="1" ind2=" " tag="776"><subfield code="c">Original</subfield><subfield code="w">(DLC)sn 86063446</subfield></datafield><datafield ind1="0" ind2="5" tag="780"><subfield code="t">Kansaske&#769; rozhledy</subfield><subfield code="w">(DLC)sn 96080291</subfield></datafield><datafield ind1="1" ind2="4" tag="780"><subfield code="t">Osve&#780;ta (Omaha, Neb.)</subfield><subfield code="w">(DLC)sn 95073670</subfield></datafield><datafield ind1="1" ind2="4" tag="780"><subfield code="t">Kve&#780;ty Americke&#769; (Omaha, Neb. : 1900)</subfield><subfield code="w">(DLC)sn 95073667</subfield></datafield><datafield ind1="0" ind2="0" tag="785"><subfield code="t">Kve&#780;ty Americke&#769; (Omaha, Neb. : 1916)</subfield><subfield code="w">(DLC)sn 95073668</subfield></datafield></record>